<?xml version="1.0" encoding="UTF-8"?><collection xmlns="http://www.loc.gov/MARC21/slim"><record><leader>00554nam--2200181-i-4500</leader><controlfield tag="001">000037403</controlfield><controlfield tag="002">20161230</controlfield><controlfield tag="005">20161230201041</controlfield><controlfield tag="008">060222s1000------------r-----000-0-fre-d</controlfield><datafield ind1=" " ind2=" " tag="040"><subfield code="a">IFIN-HH</subfield></datafield><datafield ind1=" " ind2=" " tag="041"><subfield code="a">fre</subfield></datafield><datafield ind1=" " ind2=" " tag="080"><subfield code="a">535.37(043)</subfield></datafield><datafield ind1="1" ind2=" " tag="100"><subfield code="a">Naud,Claude</subfield></datafield><datafield ind1="1" ind2="0" tag="245"><subfield code="a">Interactions vibroniques dans les niveaux d`energie des ions 3d5en symetrie tetaredrique.cas de mn+2 dans zns et znse</subfield><subfield code="b">These</subfield><subfield code="c">Claude naud</subfield></datafield><datafield ind1=" " ind2=" " tag="260"><subfield code="a">Paris</subfield><subfield code="b">Universite Pierre Et Marie Curie</subfield><subfield code="c">1982</subfield></datafield><datafield ind1=" " ind2=" " tag="300"><subfield code="a">229P</subfield></datafield><datafield ind1=" " ind2=" " tag="852"><subfield code="a">74062</subfield><subfield code="c">535.37</subfield></datafield><datafield ind1=" " ind2=" " tag="CAT"><subfield code="a">Sys</subfield><subfield code="c">20110428</subfield><subfield code="h">135920</subfield></datafield></record></collection>